@Article{	  adam2006hilbert,
  author	= "Adam, O. ",
  title		= "{Advantages of the Hilbert Huang transform for marine
                  mammals signals analysis}",
  journal	= "Journal of the Acoustical Society of America",
  year		= "2006",
  volume	= "120",
  pages		= "2965--2973",
  month		= "Nov"
}

@Article{	  anze08galaxyzoo,
  author	= {Slosar, Anze and Land, Kate and Bamford, Steven and
                  Lintott, Chris and Andreescu, Dan and Murray, Phil
                  and Nichol, Robert and Raddick, Jordan M. and
                  Schawinski, Kevin and Szalay, Alex and Thomas,
                  Daniel and Vandenberg, Jan },
  journal	= {Monthly Notices of the Royal Astronomical Society},
  month		= {Sep},
  posted-at	= {2008-09-05 19:50:53},
  priority	= {2},
  title		= {Galaxy Zoo: Chiral correlation function of galaxy spins},
  year		= {2008}
}

@Misc{		  aristotle1,
  author	= {Aristotle},
  title		= {On the Soul, Book 2, Chapter 8}
}

@Misc{		  aristotle2,
  author	= {Aristotle},
  title		= {The History of Animals, Book 4, Part 9}
}

@InProceedings{	  atkins97stardust,
  title		= {STARDUST: Discovery's InterStellar dust and cometary
                  sample return mission},
  booktitle	= {STARDUST: Discovery's InterStellar dust and cometary
                  sample return mission},
  author	= {Atkins, K.L. and Brownlee, D.E. and Duxbury, T. and
                  Yen, C.-W. and Tsou, P. and Vellinga, J.M.},
  journal	= {Aerospace Conference, 1997. Proceedings., IEEE},
  year		= {1997},
  volume	= {4},
  pages		= {229-245}
}

@Book{		  au2000hearing,
  author	= {Whitlow W. L. Au and Arthur N. Popper and Richard R. Fay},
  title		= {Hearing by whales and dolphins},
  publisher	= {Shar},
  year		= {2000}
}

@Article{	  au2004echolocation,
  author	= "Au, W. W. and Ford, J. K. and Horne, J. K. and Allman,
                  K.  A. ",
  title		= "{{E}cholocation signals of free-ranging killer whales
                  ({O}rcinus orca) and modeling of foraging for
                  chinook salmon ({O}ncorhynchus tshawytscha)}",
  journal	= "Journal of the Acoustical Society of America",
  year		= "2004",
  volume	= "115",
  pages		= "901--909",
  month		= "Feb"
}

@Article{	  baeza1996fast,
  title		= {Fast text searching for regular expressions or
                  automaton searching on tries},
  author	= {Baeza-Yates, Ricardo A and Gonnet, Gaston H},
  journal	= {Journal of the ACM (JACM)},
  volume	= {43},
  number	= {6},
  pages		= {915--936},
  year		= {1996},
  publisher	= {ACM}
}

@InCollection{	  bannon1991cscw,
  author	= {Liam J. Bannon and Kjeld Schmidt},
  booktitle	= {Studies in Computer Supported Cooperative Work},
  pages		= {3-17},
  publisher	= {North-Holland},
  series	= {Human Factors in Information Technology},
  title		= {{CSCW}: Four Characters in Search of a Context},
  volume	= {8},
  year		= {1991}
}

@InProceedings{	  bardeli2008bird,
  author	= {Bardeli, R. and Wolff, D. and Clausen, M.},
  year		= {2008},
  title		= {Bird Song Recognition in Complex Audio Scenes},
  booktitle	= {Proceedings of the International Expert meeting on
                  IT-based detection of bioacoustical patterns},
  pages		= {93--101},
  location	= {International Academy for Nature Conservation (INA),
                  Isle of Vilm, Germany},
  publisher	= {Bundesamt f{\"u}r Naturschutz},
  series	= {BfN-Skripten 234}
}

@Article{	  bardeli2010detecting,
  title		= {Detecting bird sounds in a complex acoustic environment
                  and application to bioacoustic monitoring},
  author	= {Bardeli, R. and Wolff, D. and Kurth, F. and Koch,
                  M. and Tauchert, K.H. and Frommolt, K.H.},
  journal	= {Pattern Recognition Letters},
  volume	= {31},
  number	= {12},
  pages		= {1524--1534},
  year		= {2010},
  publisher	= {Elsevier}
}

@Article{	  barretlennard1996echolocation,
  title		= {The mixed blessing of echolocation: {D}ifferences in
                  sonar use by fish-eating and mammal-eating killer
                  whales },
  author	= {Lance G. Barrett-Lennard And John K.B. Ford And Kathy
                  A.  Heise},
  journal	= {Animal Behaviour},
  volume	= {51},
  number	= {3},
  pages		= {553 - 565},
  year		= {1996},
  note		= {},
}

@PhDThesis{	  barretlennardphd,
  author	= {Barrett-Lennard L.G.},
  year		= {2000},
  title		= {Population structure and mating patterns of killer
                  whales, \textit{Orcinus orca}, as revealed by DNA
                  analysis.},
  school	= {University of {B}ritish {C}olumbia}
}

@Article{	  barrington2012game,
  author	= {Barrington, Luke and Turnbull, Douglas and Lanckriet,
		  Gert},
  journal	= {Proceedings of the National Academy of Sciences},
  number	= {17},
  pages		= {6411--6416},
  priority	= {2},
  publisher	= {National Academy of Sciences},
  title		= {{Game-powered Machine Learning}},
  volume	= {109},
  year		= {2012}
}

@InProceedings{	  bergstra2010theano,
  title		= {Theano: a CPU and GPU math expression compiler},
  author	= {Bergstra, James and Breuleux, Olivier and Bastien,
                  Fr{\'e}d{\'e}ric and Lamblin, Pascal and Pascanu,
                  Razvan and Desjardins, Guillaume and Turian, Joseph
                  and Warde-Farley, David and Bengio, Yoshua},
  booktitle	= {Proceedings of the Python for Scientific Computing
		  Conference (SciPy)},
  volume	= {4},
  year		= {2010}
}

@InProceedings{	  bertinmahieux2011million,
  author	= {Thierry Bertin-Mahieux and Daniel P. W. Ellis and Brian
                  Whitman and Paul Lamere},
  title		= {The Million Song Dataset},
  booktitle	= {Proceedings of the International Conference on Music Information Retrieval(ISMIR)},
  year		= {2011},
  pages		= {591-596}
}

@TechReport{	  bigg1990orca,
  author	= {M.A. Bigg and P.F. Olesiuk and G.M. Ellis and
                  J.K.B. Ford and K.C. Balcomb III},
  year		= {1990},
  title		= {Social organization and genealogy of resident killer
                  whales (\textit{Orcinus orca}) in the coastal waters of
                  {B}ritish {C}olumbia and {W}ashington {S}tate},
  booktitle	= {Reports of the International Whaling Commission},
  volume	= {12},
  pages		= {383-405},
  institution	= {UBC}
}

@Article{	  biocca1996intelligence,
  title		= {Intelligence augmentation: The vision inside virtual
                  reality},
  author	= {Biocca, Frank},
  journal	= {Advances in Psychology},
  volume	= {113},
  pages		= {59--75},
  year		= {1996},
  publisher	= {Elsevier}
}

@Article{	  boutin2009abmi,
  title		= {A new approach to forest biodiversity monitoring in
                  {C}anada},
  author	= {Boutin, Stan and Haughland, Diane L and Schieck, Jim
                  and Herbers, Jim and Bayne, Erin},
  journal	= {Forest Ecology and Management},
  volume	= {258},
  pages		= {S168--S175},
  year		= {2009},
  publisher	= {Elsevier}
}

@Article{	  bradham08crowdsourcing,
  author	= {Brabham, Daren C. },
  journal	= {Convergence},
  number	= {1},
  pages		= {75--90},
  title		= {Crowdsourcing as a Model for Problem Solving: An
                  Introduction and Cases},
  volume	= {14},
  year		= {2008}
}

@InProceedings{	  bradner2002distance,
  author	= {Bradner, Erin and Mark, Gloria},
  title		= {Why distance matters: {E}ffects on cooperation, persuasion
		  and deception},
  booktitle	= {{CSCW} '02: Proceedings of the 2002 ACM conference on
		  Computer Supported Cooperative Work},
  year		= {2002},
  pages		= {226--235}
}

@Article{	  brandes2008automated,
  title		= {Automated sound recording and analysis techniques for bird
		  surveys and conservation},
  author	= {Scott Brandes, T.},
  journal	= {Bird Conservation International},
  volume	= {18},
  number	= {S1},
  pages		= {S163--S173},
  year		= {2008},
  publisher	= {Cambridge Univ Press}
}

@InProceedings{	  bray2005distributed,
  author	= {Stuart Bray and George Tzanetakis},
  title		= {Distributed Audio Feature Extraction for Music},
  booktitle	= {Proceedings of the International Conference on Music
                  Information Retrieval(ISMIR)},
  year		= {2005},
  pages		= {434-437}
}

@InProceedings{	  bray2005implicit,
  title		= {Implicit patching for dataflow-based audio analysis and
		  synthesis},
  author	= {Bray, Stuart and Tzanetakis, George},
  booktitle	= {Proceedings of the International Computer Music Conference(ICMC)},
  year		= {2005}
}

@Article{	  breiman2001random,
  title		= {Random forests},
  author	= {Breiman, Leo},
  journal	= {Machine Learning},
  volume	= {45},
  number	= {1},
  pages		= {5--32},
  year		= {2001},
  publisher	= {Springer}
}

@Article{	  brody1999professor,
  title		= {The Professor and the Madman. A Tale of Murder, Insanity
		  and the Making of the Oxford English Dictionary},
  author	= {Brody, Eugene B.},
  journal	= {The Journal of Nervous and Mental Disease},
  volume	= {187},
  number	= {12},
  pages		= {771},
  year		= {1999},
  publisher	= {LWW}
}

@Article{	  brossier2006aubio,
  title		= {The aubio library at {MIREX} 2006},
  author	= {Brossier, Paul M},
  journal	= {Synthesis},
  year		= {2006}
}

@Article{	  brown2006classifying,
  title		= {Classification of vocalizations of killer whales using
		  dynamic time warping},
  author	= {Brown, Judith C and Hodgins-Davis, Andrea and Miller,
		  Patrick JO},
  journal	= {Journal of the Acoustical Society of America},
  volume	= {119},
  number	= {3},
  pages		= {EL34--EL40},
  year		= {2006},
  publisher	= {Acoustical Society of America}
}

@Article{	  brown2007dtw,
  author	= {Brown, J. C. and Miller, P. J. },
  title		= {{{A}utomatic classification of killer whale vocalizations
		  using dynamic time warping}},
  journal	= {Journal of the Acoustical Society of America},
  year		= {2007},
  volume	= {122},
  pages		= {1201--1207},
  month		= {Aug}
}

@Article{	  brown2008math,
  author	= {Brown JC.},
  title		= {Mathematics of pulsed vocalizations with application to
		  killer whale biphonation.},
  journal	= {Journal of the Acoustical Society of America},
  year		= {2008},
  volume	= {123},
  number	= {5},
  pages		= {2875-83}
}

@Article{	  buck1993quantitative,
  author	= {Buck J. R. and Tyack P. L.},
  year		= {1993},
  title		= {A quantitative measure of similarity for Tursiops
		  truncatus signature whistles},
  journal	= {Journal of the Acoustical Society of America},
  volume	= {94},
  pages		= {2497-2506}
}

@PhDThesis{	  camachophd,
  author	= {Camacho, A.},
  school	= {University of Florida},
  title		= {A Sawtooth Waveform Inspired Pitch Estimator for Speech
		  and Music},
  year		= {2007}
}

@InProceedings{	  cannam2010sonic,
  author	= {Chris Cannam and Christian Landone and Mark B. Sandler},
  title		= {Sonic visualiser: an open source application for viewing,
		  analysing, and annotating music audio files},
  booktitle	= {ACM Multimedia},
  year		= {2010},
  pages		= {1467-1468}
}

@Manual{	  chang2001libsvm,
  author	= {C.C. Chang and C.J. Lin},
  title		= {{LIBSVM}: a library for support vector machines},
  year		= {2001},
  note		= {Software available at
                  http://www.csie.ntu.edu.tw/~cjlin/libsvm}
}

@InProceedings{	  changhsing2007automatic,
  author	= {Chang-Hsing Lee and Jau-Ling Shih and Kun-Ming Yu and
		  Jung-Mau Su},
  title		= {Automatic Music Genre Classification using Modulation
		  Spectral Contrast Feature},
  booktitle	= {IEEE International Conference on Multimedia and Expo},
  year		= {2007},
  pages		= {204-207}
}

@Book{		  chapelle2006,
  author	= {Chappelle, O. and Scholkopf, B. and Zien, A.},
  publisher	= {MIT Press},
  title		= {Semi-Supervised Learning},
  year		= {2006},
  address	= {Cambridge, MA}
}

@Article{	  cheveigne2002yin,
  author	= {de Cheveign\'{e}, Alain and Kawahara, Hideki},
  journal	= {Journal of the Acoustical Society of America},
  keywords	= {guitar},
  number	= {4},
  pages		= {1917--1930},
  publisher	= {ASA},
  title		= {{YIN, a fundamental frequency estimator for speech and
		  music}},
  volume	= {111},
  year		= {2002}
}

@Article{	  clark2006acoustic,
  author	= {Clark, C. W. and Altman, N. S.},
  year		= {2006.},
  title		= {Acoustic detections of blue whale (\textit{Balaenoptera musculus})
		  and fin whale (\textit{B. physalus}) sounds during a {SURTASS LFA}
		  exercise.},
  journal	= {Journal of Oceanic Engineering},
  volume	= {31},
  pages		= {120-128}
}

@Misc{		  clark2012dcl,
  title		= {DCL System Research Using Advanced Approaches for
		  Land-based or Ship-based Real-Time Recognition and
		  Localization of Marine Mammals},
  author	= {Clark, Christopher W and Van Parijs, Sofie M and Dugan,
		  Peter J and LeCun, Yann A},
  year		= {2012},
  Publisher	= {Cornell Univ Ithaca Ny Lab Of Ornithology}
}

@Article{	  cooley1965algorithm,
  title		= {An algorithm for the machine calculation of complex
		  Fourier series},
  author	= {Cooley, James W and Tukey, John W},
  journal	= {Mathematics of computation},
  volume	= {19},
  number	= {90},
  pages		= {297--301},
  year		= {1965},
  publisher	= {JSTOR}
}

@Manual{	  cornell2011raven,
  author	= {The Cornell Lab of Ornithology},
  title		= {Raven Pro: Interactive Sound Analysis Software (Version
		  1.4) [Computer software]},
  year		= {2011},
  note		= {Software available at http://www.birds.cornell.edu/raven}
}

@Article{	  cortes1995svm,
  author	= {Corinna Cortes and Vladimir Vapnik},
  title		= {Support-Vector Networks},
  journal	= {Machine Learning},
  volume	= {20},
  number	= {3},
  year		= {1995},
  pages		= {273-297},
}

@Article{	  cranford1996morphology,
  author	= {Cranford, T W and Amundin, M and Norris, K S},
  title		= {Functional morphology and homology in the odontocete nasal
		  complex: implications for sound generation.},
  journal	= {Jornal of Morphology},
  volume	= {228},
  year		= {1996},
  number	= {3},
  pages		= {223-85},
  issn		= {0362-2525}
}

@InCollection{	  cranford2000impulse,
  author	= {Cranford, T. W. Cranford, T.},
  year		= {2000},
  title		= {In search of impulse sound sources in Odontocetes},
  booktitle	= {Hearing by Whales and Dolphins},
  editor	= {W. W. L. Au and A. N. Popper and R. R. Fay},
  publisher	= {Springer, New York},
  pages		= {109-155.}
}

@Article{	  cranford2006nasalizations,
  author	= {Cranford T W},
  year		= {2006},
  title		= {Odontocete nasalizations: Morphology, physiology, and
		  evolution of sonar signal generation in toothed whales,},
  journal	= {Journal Acoustical Society of America},
  volume	= {120},
  pages		= {3189-3190}
}

@Article{	  cullon2009pollutants,
  author	= {Cullon, D. L. and Yunker, M. B. and Alleyne, C. and
		  Dangerfield, N. J. and O'Neill, S. and Whiticar, M. J. and
		  Ross, P. S. },
  title		= {{P}ersistent organic pollutants in chinook salmon
		  ({O}ncorhynchus tshawytscha): implications for resident
		  killer whales of {B}ritish {C}olumbia and adjacent waters},
  journal	= {Environmental Toxicology and Chemistry},
  year		= {2009},
  volume	= {28},
  pages		= {148--161},
  month		= {Jan}
}

@Article{	  cummings1985pam,
  author	= {Cummings W. C. and Holliday, D. V.},
  year		= {1985},
  title		= {Passive acoustic location of bowhead whales in a
		  population census off {Point Barrow, Alaska.}},
  journal	= {Journal of the Acoustical Society of America},
  volume	= {78},
  issue		= {4},
  pages		= {1163-1169}
}

@Article{	  dahlheim1982classification,
  author	= {Marilyn E. Dahlheim and Frank Awbrey},
  title		= {A classification and comparison of vocalizations of
		  captive killer whales (\textit{Orcinus orca})},
  journal	= {Journal Acoustical Society of America},
  volume	= {72},
  issue		= {3},
  pages		= {661-670},
  year		= {1982}
}

@Article{	  deecke1999quantifying,
  year		= {1999},
  author	= {V.B. Deecke and J.K.B. Ford and P. Spong},
  title		= {Quantifying complex patterns of bioacoustic variation: {U}se
		  of a neural network to compare killer whale (\textit{Orcinus orca})
		  dialects},
  journal	= {Journal of the Acoustical Society of America},
  volume	= {105},
  pages		= {2499-2507}
}

@Article{	  deecke2000dialect,
  author	= {V.B. Deecke and J.K.B. Ford and P. Spong},
  journal	= {Animal Behaviour},
  number	= {5},
  pages		= {619-638},
  title		= {Dialect change in resident killer whales (\textit{Orcinus orca}):
		  {I}mplications for vocal learning and cultural transmission},
  volume	= {60},
  year		= {2000}
}

@Article{	  deecke2006pitfalls,
  author	= {Deecke, V. B. and Janik, V. M. },
  title		= {{A}utomated categorization of bioacoustic signals:
		  {A}voiding perceptual pitfalls},
  journal	= {Journal of the Acoustical Society of America},
  year		= {2006},
  volume	= {119},
  pages		= {645--653}
}

@Article{	  deecke2006playback,
  title		= {Studying Marine Mammal Cognition in the Wild: A Review of
		  Four Decades of Playback Experiments},
  author	= {Deecke, Volker B.},
  journal	= {Aquatic mammals},
  pages		= {461-482},
  volume	= {32},
  issue		= {4},
  year		= {2006}
}

@article{deecke2011vocal,
  title={Vocal behaviour and feeding ecology of killer whales \textit{Orcinus orca} around {Shetland, UK}},
  author={Deecke, Volker B and Nyk{\"a}nen, Milaja and Foote, Andrew D and Janik, Vincent M},
  journal={Aquatic Biol},
  volume={13},
  pages={79--88},
  year={2011}
}

@Article{	  doksaeter2009orca,
  author	= {Doksaeter, L. and Rune Godo, O. and Olav Handegard, N. and
		  Kvadsheim, P. H. and Lam, F. P. and Donovan, C. and Miller,
		  P. J. },
  title		= {{{B}ehavioral responses of herring ({C}lupea harengus) to
		  1-2 and 6-7 k{H}z sonar signals and killer whale feeding
		  sounds}},
  journal	= {Journal of the Acoustical Society of America},
  year		= {2009},
  volume	= {125},
  pages		= {554--564},
  month		= {Jan}
}

@Book{		  duda2012pattern,
  title		= {Pattern classification},
  author	= {Duda, Richard O and Hart, Peter E and Stork, David G},
  year		= {2012},
  publisher	= {John Wiley \& Sons}
}

@Article{	  estes2009decline,
  author	= {Estes, J. A. and Doak, D. F. and Springer, A. M. and
		  Williams, T. M. },
  title		= {{{C}auses and consequences of marine mammal population
		  declines in southwest {A}laska: {A} food-web perspective}},
  journal	= {Philosophical Transactions of the Royal Society B: Biological Sciences},
  year		= {2009},
  volume	= {364},
  pages		= {1647--1658},
  month		= {Jun}
}

@Article{	  feld1994ethnomusicology,
  title		= {From ethnomusicology to echo-muse-ecology: Reading R.
		  Murray Schafer in the Papua New Guinea rainforest},
  author	= {Feld, Steven},
  journal	= {The Soundscape Newsletter},
  volume	= {8},
  pages		= {4--6},
  year		= {1994}
}

@Article{	  fiebrich2009history,
  title		= {History of surface weather observations in the {U}nited
		  {S}tates},
  author	= {Fiebrich, Christopher A},
  journal	= {Earth-Science Reviews},
  volume	= {93},
  number	= {3},
  pages		= {77--84},
  year		= {2009},
  publisher	= {Elsevier}
}

@PhDThesis{	  fieldingphd,
  author	= {Roy Thomas Fielding},
  date-modified	= {2008-07-04 18:22:03 +0100},
  school	= {University Of California, Irvine},
  title		= {Architectural Styles and the Design of Network-based
		  Software Architectures},
  type		= {PhD Dissertation}
}

@Article{	  fischer1992beyond,
  author	= {Fischer, G. and Nakakoji, K.},
  title		= {Beyond the Macho Approach of Artificial Intelligence:
		  Empower Human Designers - Do Not Replace Them},
  year		= {1992},
  journal	= {Knowledge-Based Systems Journal, Special Issue on AI in
		  Design},
  volume	= {5(1)},
  pages		= { 15-30}
}

@InProceedings{	  fischer2006distributed,
  author	= {Fischer, Gerhard},
  title		= {Distributed intelligence: extending the power of the
		  unaided, individual human mind},
  booktitle	= {AVI '06: Proceedings of the working conference on Advanced
		  Visual Interfaces},
  year		= {2006},
  pages		= {7--14},
  location	= {Venezia, Italy},
  publisher	= {ACM},
}

@Article{	  fischer98embedding,
  author	= {Fischer, Gerhard and Nakakoji, Kumiyo and Ostwald,
		  Jonathan and Stahl, Gerry and Sumner, Tamara},
  title		= {Embedding critics in design environments},
  journal	= {Readings in intelligent user interfaces},
  year		= {1998},
  pages		= {537--561},
  publisher	= {Morgan Kaufmann Publishers Inc.},
  address	= {San Francisco, CA, USA}
}

@Article{	  foote2004noise,
  author	= {Foote, A. D. and Osborne, R. W. and Hoelzel, A. R. },
  title		= {{E}nvironment: whale-call response to masking boat
		  noise},
  journal	= {Nature},
  year		= {2004},
  volume	= {428},
  pages		= {910}
}

@Article{	  foote2006learning,
  author	= {Foote, A. D. and Griffin, R. M. and Howitt, D. and
		  Larsson, L. and Miller, P. J. and Hoelzel, A. R. },
  title		= {{K}iller whales are capable of vocal learning},
  journal	= {Biological Letters},
  year		= {2006},
  volume	= {2},
  pages		= {509--512}
}

@Article{	  foote2008variation,
  author	= {Foote, A. D. and Nystuen, J. A. },
  title		= {{V}ariation in call pitch among killer whale ecotypes},
  journal	= {Journal of the Acoustical Society of America},
  year		= {2008},
  volume	= {123},
  pages		= {1747--1752},
  month		= {Mar}
}

@InProceedings{	  ford1982stocks,
  author	= {Ford J. K. B. And Fisher H. D},
  title		= {Killer whale (\textit{Orcinus orca}) dialects as an indicator of
		  stocks in {B}ritish {C}olumbia.},
  booktitle	= {Interational Whaling Commmission Report Communiciations},
  volume	= {32},
  pages		= {671 -679},
  year		= {1982}
}

@InCollection{	  ford1983dialects,
  year		= {1983},
  author	= {J.K.B. Ford and H.D. Fisher},
  title		= {Group-specific dialects of killer whales (\textit{Orcinus orca}) in
		  {B}ritish {C}olumbia},
  booktitle	= {Communication and Behavior of Whales},
  editor	= {R. Payne},
  publisher	= {Westview Press, Boulder, Colorado},
  pages		= {129-161}
}

@TechReport{	  ford1987catalogue,
  author	= {J.K.B. Ford},
  institution	= {Canadian Data Report of Fisheries and Aquatic Science},
  number	= {633},
  title		= {A catalogue of underwater calls produced by killer whales
		  (\textit{Orcinus orca}) in {B}ritish {C}olumbia},
  year		= {1987}
}

@Article{	  ford1989acoustic,
  author	= {J.K.B. Ford},
  journal	= {Canadian Journal of Zoology},
  pages		= {727-745},
  title		= {Acoustic Behaviour of Resident Killer Whales (\textit{Orcinus
		  orca}) off {{Vancouver} Island}, {B}ritish {C}olumbia},
  volume	= {64},
  year		= {1989}
}

@Article{	  ford1991vocal,
  title		= {Vocal traditions among resident killer whales (\textit{Orcinus
		  orca}) in coastal waters of {B}ritish {C}olumbia},
  author	= {Ford, John KB},
  journal	= {Canadian Journal of Zoology},
  volume	= {69},
  number	= {6},
  pages		= {1454--1483},
  year		= {1991},
  publisher	= {NRC Research Press}
}

@Book{		  ford2000book,
  year		= {2000},
  author	= {J.K.B. Ford, G.E. Ellis and K.C. Balcomb},
  title		= {Killer Whales 2nd ed},
  publisher	= {University of {B}ritish {C}olumbia Press, {Vancouver}}
}

@InProceedings{	  frommolt2008biodiversity,
  title		= {Computational bioacoustics for assessing biodiversity},
  author	= {Frommolt, K.H. and Bardeli, R. and Clausen, M.},
  booktitle	= {Proceedings of the International Expert meeting on
		  IT-based detection of bioacoustical patterns,
		  BfN-Skripten},
  number	= {234},
  year		= {2008},
}

@InProceedings{	  futrelle2002mir,
  title		= {Interdisciplinary Communities and Research Issues in Music
		  Information Retrieval},
  author	= {Futrelle, J. and Downie, S. },
  booktitle	= {Proceedings of the International Conference on Music Information Retrieval(ISMIR)},
  year		= {2002}
}

@InProceedings{	  gaetz1993neural,
  author	= {Gaetz W. Jantzen and Weinberg H. and Spong, P. and
		  Symonds, H.},
  title		= {A neural network method for recognition of individual
		  \textit{Orcinus orca} based on their acoustic behaviour: phase 1},
  booktitle	= {OCEANS '93. Engineering in Harmony with Ocean.
		  Proceedings},
  year		= {1993}
}

@Article{	  goodchild2007world,
  title		= {in the World of Web 2.0},
  author	= {Goodchild, Michael F},
  journal	= {International Journal},
  volume	= {2},
  pages		= {24--32},
  year		= {2007}
}

@Misc{		  griffin2013nrkw,
  author	= {Rachael Griffin},
  title		= {Northern Resident Killer Whale, \textit{Orcinus orca},
		  Rubbing-Beach Calls},
  date		= {2013},
  howpublished	= {personal communication}
}

@InProceedings{	  grudin1988cscw,
  author	= {Grudin, Jonathan},
  booktitle	= {{CSCW} '88: Proceedings of the 1988 ACM conference on
                  Computer-Supported Cooperative Work},
  pages		= {85--93},
  title		= {Why {CSCW} applications fail: problems in the design
                  and evaluation of organizational interfaces},
  year		= {1988}
}

@Book{		  gusfield1997algorithms,
  title		= {Algorithms on strings, trees and sequences: computer
		  science and computational biology},
  author	= {Gusfield, Dan},
  year		= {1997},
  publisher	= {Cambridge University Press}
}

@Proceedings{	  halkias2013icml4b,
  title		= {ICML 2013 Workshop on Machine Learning for Bioacoustics},
  booktitle	= {Proceedings of the ICML 2013 Workshop on Machine Learning for
		  Bioacoustics},
  year		= {2013},
  editor	= {Xanadu Halkias}
}

@Misc{		  helena2012interview,
  author	= {Helena Symonds},
  title		= {Onsite visit and interview.},
  date		= {2012},
  howpublished	= {personal communication}
}

@Article{	  hemil2001mass,
  author	= {Hemil, S. and Nummela, S. and Reuter, T. },
  title		= {{{M}odeling whale audiograms: {E}ffects of bone mass on
		  high-frequency hearing}},
  journal	= {Hearing Research},
  year		= {2001},
  volume	= {151},
  pages		= {221--226},
  month		= {Jan}
}

@Article{	  hinton2006fast,
  title		= {A fast learning algorithm for deep belief nets},
  author	= {Hinton, Geoffrey E and Osindero, Simon and Teh, Yee-Whye},
  journal	= {Neural computation},
  volume	= {18},
  number	= {7},
  pages		= {1527--1554},
  year		= {2006},
  publisher	= {MIT Press}
}

@InCollection{	  hoelzel1986call,
  year		= {1986},
  author	= {A.R. Hoelzel and R.W. Osborne},
  title		= {Killer whale call characteristics: implications for
		  cooperative foraging strategies},
  booktitle	= {Behavioral Biology of Killer Whales},
  editor	= {B.C. Kirkevolt and J.S. Lockard},
  publisher	= {A.R. Liss, New York},
  pages		= {373-403}
}

@Article{	  hollan2000distributed,
  author	= {Hollan, James and Hutchins, Edwin and Kirsh, David},
  title		= {Distributed cognition: toward a new foundation for
		  human-computer interaction research},
  journal	= {ACM Transactions on Computer-Human Interaction},
  volume	= {7},
  number	= {2},
  year		= {2000},
  issn		= {1073-0516},
  pages		= {174--196},
  publisher	= {ACM},
  address	= {New York, NY, USA}
}

@Article{	  holt2009speakingup,
  author	= {Holt, M. M. and Noren, D. P. and Veirs, V. and Emmons, C.
		  K. and Veirs, S. },
  title		= {{{S}peaking up: {K}iller whales ({O}rcinus orca) increase
		  their call amplitude in response to vessel noise}},
  journal	= {Journal of the Acoustical Society of America},
  year		= {2009},
  volume	= {125},
  pages		= {27--32},
  month		= {Jan}
}

@Article{	  hong04crowdsourcing,
  author	= {Hong, Lu and Page, Scott E. },
  journal	= {Proceedings of the National Academy of Sciences},
  number	= {46},
  pages		= {16385--16389},
  title		= {Groups of diverse problem solvers can outperform groups of
		  high-ability problem solvers},
  volume	= {101},
  year		= {2004}
}

@InProceedings{	  hosseinzadeh2007mfcc,
  author	= {Danoush Hosseinzadeh and Sridhar Krishnan},
  title		= {Combining Vocal Source and MFCC Features for Enhanced
		  Speaker Recognition Performance Using GMMs},
  booktitle	= {Proceedings of the IEEE Multimedia Signal Processing
		  Workshop},
  year		= {2007},
  pages		= {365-368}
}

@Article{	  howard2009fall,
  title		= {The fall migration flyways of monarch butterflies in
		  eastern {North America} revealed by citizen scientists},
  author	= {Howard, Elizabeth and Davis, Andrew K},
  journal	= {Journal of Insect Conservation},
  volume	= {13},
  number	= {3},
  pages		= {279--286},
  year		= {2009},
  publisher	= {Springer}
}

@article{howe2006rise,
  title={The rise of crowdsourcing},
  author={Howe, Jeff},
  journal={Wired magazine},
  volume={14},
  number={6},
  pages={1--4},
  year={2006},
  publisher={Dorsey Press}
}

@Book{		  howe08crowdsourcing,
  author	= {Howe, Jeff },
  publisher	= {Crown Business},
  title		= {Crowdsourcing: Why the Power of the Crowd Is Driving the
		  Future of Business},
  year		= {2008}
}

@Book{		  hutchins1980culture,
  author	= { Hutchins, Edwin. },
  title		= { Culture and inference : {A} Trobriand case study},
  publisher	= { Harvard University Press, Cambridge, Mass.},
  year		= { 1980 },
  type		= { Book }
}

@Book{		  hutchins1996cognition,
  author	= {Edwin Hutchins},
  publisher	= {MIT Press},
  title		= {Cognition in the wild},
  year		= {1996}
}

@Article{	  janik1994signature,
  author	= {Janik, V. M. Dehnhardt, G. and Todt D.},
  year		= {1994},
  title		= {Signature whistle variations in a bottlenosed dolphin,
		  Tursiops truncatus},
  journal	= {Behavioral Ecology and Sociobiology},
  volume	= {35},
  pages		= {243-248}
}

@Article{	  janik1998context,
  title		= {Context-specific use suggests that bottlenose dolphin
		  signature whistles are cohesion calls },
  journal	= {Animal Behaviour },
  volume	= {56},
  number	= {4},
  pages		= {829 - 838},
  year		= {1998},
  note		= {},
  issn		= {0003-3472},
  author	= {Vincent M Janik And Peter J.B Slater}
}

@Article{	  janik1999pitfalls,
  author	= {Janik, Vincent M.},
  journal	= {Animal Behaviour},
  month		= jan,
  number	= {1},
  pages		= {133--143},
  title		= {{Pitfalls in the categorization of behaviour: a comparison
		  of dolphin whistle classification methods}},
  volume	= {57},
  year		= {1999}
}

@Article{	  janik2000social,
  year		= {2000},
  author	= {V.M. Janik and P.J.B. Slater},
  title		= {The different roles of social learning in vocal
		  communication},
  journal	= {Animal Behaviour},
  volume	= {60},
  pages		= {1-11}
}

@Article{	  janik2013cognitive,
  title		= {Cognitive skills in bottlenose dolphin communication},
  author	= {Janik, Vincent M},
  journal	= {Trends in Cognitive Sciences},
  year		= {2013},
  publisher	= {Elsevier},
  volume	= {17},
  issue		= {4},
  pages		= {157-159},
  date		= {19 March}
}

@Article{	  janik2013signature,
  author	= {Janik, Vincent M. and King, Stephanie L. and Sayigh, Laela
		  S. and Wells, Randall S.},
  title		= {Identifying signature whistles from recordings of groups
		  of unrestrained bottlenose dolphins (\textit{Tursiops truncatus})},
  journal	= {Marine Mammal Science},
  volume	= {29},
  number	= {1},
  publisher	= {Blackwell Publishing Inc},
  issn		= {1748-7692},
  pages		= {109--122},
  year		= {2013}
}

@InProceedings{	  john1995estimating,
  title		= {Estimating continuous distributions in Bayesian
		  classifiers},
  author	= {John, George H and Langley, Pat},
  booktitle	= {Proceedings of the Eleventh conference on Uncertainty in
		  Artificial Intelligence},
  pages		= {338--345},
  year		= {1995},
  organization	= {Morgan Kaufmann Publishers Inc.}
}

@Article{	  keerthi2003asymptotic,
  title		= {Asymptotic behaviors of support vector machines with
		  Gaussian kernel},
  author	= {Keerthi, S Sathiya and Lin, Chih-Jen},
  journal	= {Neural computation},
  volume	= {15},
  number	= {7},
  pages		= {1667--1689},
  year		= {2003}
}

@Article{	  khanna1997crosscorrelation,
  author	= {H. Khanna and S.L.L. Gaunt and D.A. McCallum},
  year		= {1997},
  title		= {Digital spectrographic cross-correlation: tests of
		  sensitivity.},
  journal	= {Bioacoustics},
  volume	= {7},
  issue		= {3},
  pages		= {209-234}
}

@InProceedings{	  khuc2012towards,
  title		= {Towards building large-scale distributed systems for
		  twitter sentiment analysis},
  author	= {Khuc, Vinh Ngoc and Shivade, Chaitanya and Ramnath, Rajiv
		  and Ramanathan, Jay},
  booktitle	= {Proceedings of the 27th Annual ACM Symposium on Applied
		  Computing},
  pages		= {459--464},
  year		= {2012},
  organization	= {ACM}
}

@PhDThesis{	  king2012imitation,
  title		= {The vocal imitation of bottlenose dolphin (\textit{Tursiops
		  truncatus}) signature whistles: their use in vocal matching
		  interactions and their role as vocal labels},
  author	= {King, Stephanie L},
  year		= {2012},
  school	= {University of St Andrews}
}

@Article{	  king2013copying,
  author	= {King, Stephanie L. and Sayigh, Laela S. and Wells, Randall
		  S. and Fellner, Wendi and Janik, Vincent M.},
  title		= {Vocal copying of individually distinctive signature
		  whistles in bottlenose dolphins},
  volume	= {280},
  number	= {1757},
  year		= {2013},
  journal	= {Proceedings of the Royal Society B: Biological Sciences}
}

@InProceedings{	  kittur08crowdsourcing,
  address	= {New York, NY, USA},
  author	= {Kittur, Aniket and Chi, Ed H. and Suh, Bongwon },
  booktitle	= {Proceedings of the ACM CHI Conference on Human Factors in Computing Systems Proc. (CHI) 2008 },
  pages		= {453--456},
  publisher	= {ACM},
  title		= {Crowdsourcing user studies with Mechanical Turk},
  year		= {2008}
}

@Book{		  klapuri2006book,
  editor	= {Klapuri, Anssi and Davy, Manuel},
  title		= {Signal Processing Methods for Music Transcription},
  publisher	= {Springer},
  address	= {New York},
  year		= {2006},
  isbn		= {0-387-30667-6}
}

@Book{		  kroodsma1996ecology,
  title		= {Ecology and evolution of acoustic communication in birds},
  author	= {Kroodsma, Donald E and Miller, Edward H},
  year		= {1996},
  publisher	= {Comstock Pub.}
}

@Article{	  lahat1987autocorrelation,
  author	= {Lahat, M. and Niederjohn, R. and Krubsack, D.},
  journal	= {IEEE Transactions on Acoustics, Speech and Signal
                  Processing},
  number	= {6},
  pages		= {741--750},
  title		= {{A spectral autocorrelation method for measurement of the
		  fundamental frequency of noise-corrupted speech}},
  volume	= {35},
  year		= {1987}
}

@InProceedings{	  law2009input,
  author	= {Law, Edith and von Ahn, Luis},
  title		= {Input-agreement: {A} new mechanism for collecting data using
		  human computation games},
  booktitle	= {Proceedings of the ACM CHI Conference on Human Factors in Computing Systems Proc. (CHI) 2009},
  year		= {2009},
  pages		= {1197--1206}
}

@Article{	  lebaron2009bird,
  title		= {The 109th {Christmas} bird count},
  author	= {LeBaron, Geoffrey S and Cannings, Richard J and Niven,
		  Daniel K and Butcher, Gregory S and Bancroft, G Thomas and
		  Sykes Jr, Paul W and Elliott, Sarah McCarn and Strycker,
		  Noah and Read, Peter},
  journal	= {American Birds},
  volume	= {63},
  pages		= {2--7},
  year		= {2009}
}

@Article{	  lecessie1992logisitic,
  author	= {Cessie, S. Le and Houwelingen, J. C. Van},
  journal	= {Applied Statistics},
  number	= {1},
  pages		= {191--201},
  publisher	= {Blackwell Publishing for the Royal Statistical Society},
  title		= {Ridge Estimators in Logistic Regression},
  volume	= {41},
  year		= {1992}
}

@InProceedings{	  leqing2011insect,
  author	= {Le-Qing, Zhu},
  title		= {Insect Sound Recognition Based on {MFCC} and {PNN}},
  booktitle	= {Proceedings of the 2011 International Conference on Multimedia and Signal Processing},
  series	= {CMSP '11},
  year		= {2011},
  pages		= {42--46}
}

@InProceedings{	  li2006auacity,
  title		= {Extending Audacity for Audio Annotation.},
  author	= {Li, Beinan and Burgoyne, John Ashley and Fujinaga,
		  Ichiro},
  booktitle	= {Proceedings of the International Conference on Music Information Retrieval(ISMIR)},
  pages		= {379--380},
  year		= {2006}
}

@Article{	  li2006intelligent,
  author	= {Tao Li and Ogihara, M.},
  journal	= {IEEE Transactions on Multimedia},
  title		= {Toward intelligent music information retrieval},
  year		= {2006},
  volume	= {8},
  number	= {3},
  pages		= {564-574}
}

@Misc{		  lin07sax,
  author	= {Jessica Lin and Li Wei and et al.},
  title		= {Experiencing SAX: {A} Novel Symbolic Representation of Time
		  Series},
  year		= {2007}
}

@InProceedings{	  lin2003symbolic,
  author	= {Lin, Jessica and Keogh, Eamonn and Lonardi, Stefano and
		  Chiu, Bill},
  title		= {A symbolic representation of time series, with
		  implications for streaming algorithms},
  booktitle	= {Proceedings of the 8th ACM SIGMOD workshop on Research
		  issues in data mining and knowledge discovery},
  year		= {2003},
  series	= {DMKD '03},
  pages		= {2--11},
  address	= {New York, NY, USA},
  publisher	= {ACM},
  acmid		= {882086},
  location	= {San Diego, California},
  numpages	= {10}
}

@Book{		  linnaeus1758systema,
  author	= {Linnaeus, C.},
  year		= {1758},
  title		= {Tomus I. Systema naturae per regna tria naturae, secundum
		  classes, ordines, genera, species, cum characteribus,
		  differentiis, synonymis, locis..[1-4], 1-824},
  publisher	= { Editio decima, reformata. Holmiae. (Laurentii Salvii)}
}

@InProceedings{	  logan2000mfcc,
  author	= {Beth Logan},
  title		= {Mel Frequency Cepstral Coefficients for Music Modeling},
  booktitle	= {In International Symposium on Music Information
		  Retrieval},
  year		= {2000}
}

@Article{	  luke2010realtime,
  title		= {Real time automatic detection of \textit{Orcinus orca}
		  vocalizations in a controlled environment},
  journal	= {Applied Acoustics},
  volume	= {71},
  number	= {8},
  pages		= {771 - 776},
  year		= {2010},
  author	= {J.P. Luke and J.G. Marxichal-Hernandez and F.Rosa and
		  J.Almunia}
}

@InProceedings{	  lyon1982cochlea,
  author	= {Lyon, R.},
  booktitle	= {IEEE International Conference on Acoustics, Speech, and
                  Signal Processing (ICASSP) 1982.},
  title		= {A computational model of filtering, detection, and
		  compression in the cochlea},
  year		= {1982},
  month		= {may},
  volume	= {7},
  pages		= { 1282 - 1285}
}

@InCollection{	  lyon1990cochlear,
  title		= {{Automatic gain control in cochlear mechanics}},
  author	= {Lyon, R. F.},
  booktitle	= {The Mechanics and Biophysics of Hearing},
  editor	= {P Dallos et al.},
  publisher	= {Springer-Verlag},
  pages		= {395--420},
  year		= {1990}
}

@inproceedings{lyon2011hearing,
  author    = {Richard F. Lyon},
  title     = {Machine hearing: Audio analysis by emulation of human hearing},
  booktitle = {WASPAA},
  year      = {2011},
  ee        = {http://dx.doi.org/10.1109/ASPAA.2011.6082352},
}

@Article{	  macaulay2007library,
  author	= {Liu, Y. Q.},
  year		= {2007},
  title		= {Macaulay Library: A Case Study of the Library of Natural
		  Sound},
  journal	= {Digital Libraries Forum 12}
}

@InProceedings{	  mandel2005song,
  author	= {Michael Mandel and Daniel Ellis},
  title		= {Song-Level Features And Support Vector Machines For Music
		  Classification},
  year		= {2005},
  booktitle	= {Proceedings of the International Conference on Music Information Retrieval(ISMIR)}
}

@Article{	  manley2004evaluation,
  author	= {Manley, P N. and W. J. Zielinski and M. D. Schlesinger and
		  S. R. Mori},
  year		= {2004},
  title		= {Evaluation of a multiple-species approach to monitoring
		  species at the ecoregional scale},
  journal	= {Ecological Applications},
  volume	= {14},
  pages		= {296-310}
}

@Article{	  mazzoni2002audacity,
  author	= {Mazzoni, Dominic and Dannenberg, Roger B.},
  title		= {A Fast Data Structure for Disk-Based Audio Editing},
  journal	= {Computer Music Journal},
  volume	= {26},
  number	= {2},
  year		= {2002},
  issn		= {0148-9267},
  pages		= {62--76},
  publisher	= {MIT Press},
  address	= {Cambridge, MA, USA}
}

@Article{	  mccowan1995quantitative,
  author	= {McCowan, Brenda},
  title		= {A New Quantitative Technique for Categorizing Whistles
		  Using Simulated Signals and Whistles from Captive
		  Bottlenose Dolphins (Delphinidae, \textit{Tursiops truncatus})},
  journal	= {Ethology},
  volume	= {100},
  number	= {3},
  publisher	= {Blackwell Publishing Ltd},
  issn		= {1439-0310},
  url		= {http://dx.doi.org/10.1111/j.1439-0310.1995.tb00324.x},
  doi		= {10.1111/j.1439-0310.1995.tb00324.x},
  pages		= {177--193},
  year		= {1995}
}

@Article{	  mccreight1976space,
  title		= {A space-economical suffix tree construction algorithm},
  author	= {McCreight, Edward M},
  journal	= {Journal of the ACM (JACM)},
  volume	= {23},
  number	= {2},
  pages		= {262--272},
  year		= {1976},
  publisher	= {ACM}
}

@InProceedings{	  mcennis2006omen,
  author	= {McEnnis, Daniel and McKay, Cory and Fujinaga, Ichiro},
  booktitle	= {Proceedings of the International Conference on Music
		  Information Retrieval},
  title		= {Overview of OMEN},
  year		= 2006
}

@Article{	  mcgrath1995methodology,
  author	= {McGrath, Joseph E.},
  title		= {Methodology matters: doing research in the behavioral and
		  social sciences},
  journal	= {Human-computer interaction: toward the year 2000},
  year		= {1995},
  isbn		= {1-55860-246-1},
  pages		= {152--169},
  publisher	= {Morgan Kaufmann Publishers Inc.},
  address	= {San Francisco, CA, USA}
}

@InProceedings{	  mendez06stardust,
  title		= {Stardust@home: Enlisting Students and the Public in the
		  Search for Interstellar Dust},
  booktitle	= {Stardust@home: Enlisting Students and the Public in the
		  Search for Interstellar Dust},
  author	= {B.M. Mendez, N. Craig, A.J. Westphal},
  journal	= {Proceedings of the American Astronomical Society},
  year		= {2006}
}

@Article{	  miller07sex,
  author	= {Miller, P. J. and Samarra, F. I. and Perthuison, A. D. },
  title		= {{C}aller sex and orientation influence spectral
		  characteristics of {two-voice} stereotyped calls produced
		  by free-ranging killer whales},
  journal	= {Journal of the Acoustical Society of America},
  year		= {2007},
  volume	= {121},
  pages		= {3932--3937},
  month		= {Jun}
}

@Article{	  miller2000orca,
  year		= {2000},
  author	= {P.J.O. Miller and D.E. Bain},
  title		= {Within-pod variation in killer whale calls},
  journal	= {Animal Behaviour},
  volume	= {60},
  pages		= {617-628}
}

@Article{	  miller2000variation,
  author	= {Miller, P. J. and Bain, D. E. },
  title		= {{{W}ithin-pod variation in the sound production of a pod
		  of killer whales, {O}rcinus orca}},
  journal	= {Anim Behaviour},
  year		= {2000},
  volume	= {60},
  pages		= {617--628},
  month		= {Nov}
}

@Article{	  miller2002mixed,
  author	= {Miller, Patrick J. O.},
  title		= {Mixed-Directionality of Killer Whale Stereotyped Calls: A
		  Direction of Movement Cue?},
  journal	= {Behavioral Ecology and Sociobiology},
  volume	= {52},
  number	= {3},
  pages		= {262--270},
  year		= {2002}
}

@Article{	  miller2004matching,
  year		= {2004},
  author	= {P.J.O. Miller, A.D. Shapiro, P.L. Tyack and A.R. Solow},
  title		= {Call-type matching in vocal exchanges of free-ranging
		  resident killer whales, \textit{Orcinus orca}},
  journal	= {Animal Behaviour},
  volume	= {67},
  pages		= {1099-1107}
}

@Article{	  miller2006diversity,
  author	= {Miller, P. J. },
  title		= {{{D}iversity in sound pressure levels and estimated active
		  space of resident killer whale vocalizations}},
  journal	= {Journal of Comparative Physiology. A : Neuroethology,
                  Sensory, Neural, And Behavioral Physiology}, 
  year		= {2006},
  volume	= {192},
  pages		= {449--459},
  month		= {May}
}

@Article{	  miller2007caller,
  author	= {Miller, Patrick J O and Samarra, Filipa I P and
		  Perthuison, Aurlie D},
  title		= {Caller sex and orientation influence spectral
                  characteristics of two-voice stereotyped calls
                  produced by free-ranging killer whales.},
  journal	= {Journal Acoustical Society of America},
  volume	= {121},
  year		= {2007},
  number	= {6},
  pages		= {3932-7}
}

@Article{	  morisaka07predation,
  author	= {Morisaka, T. and Connor, R. C. },
  title		= {{{P}redation by killer whales ({O}rcinus orca) and the
		  evolution of whistle loss and narrow-band high frequency
		  clicks in odontocetes}},
  journal	= {Journal of Evolutionary Biology},
  year		= {2007},
  volume	= {20},
  pages		= {1439--1458},
  month		= {Jul}
}

@Article{	  morton2002displacement,
  author	= {Morton, A. B. and Symonds, H. K.},
  year		= {2002},
  title		= {Displacement of \textit{Orcinus orca} (L.) by high amplitude sound
		  in {B}ritish {C}olumbia},
  journal	= {{C}anada ICES Journal of Marine Science},
  volume	= {59},
  pages		= {71-80}
}

@TechReport{	  mulder1999strategy,
  author	= {Mulder, B.S. and B.R. Noon and T.A. Spies and M.G. Raphael
		  and C.J. Palmer and A.R. Olsen and G.H. Reeves and H.H.
		  Welsh.},
  year		= {1999},
  title		= {The strategy and design of the effectiveness monitoring
		  program for the Northwest Forest Plan},
  booktitle	= {USDA Forest Service, Pacific Northwest Research Station,
		  General Technical Report PNW-GTR-437}
}

@Article{	  nardi1998collaborative,
  author	= {Nardi, Bonnie A. and Miller, James R. and Wright, David
		  J.},
  title		= {Collaborative, programmable intelligent agents},
  journal	= {Communications of the ACM},
  volume	= {41},
  number	= {3},
  year		= {1998},
  issn		= {0001-0782},
  pages		= {96--104},
  doi		= {http://doi.acm.org/10.1145/272287.272331},
  publisher	= {ACM},
  address	= {New York, NY, USA}
}

@InProceedings{	  ness2008chants,
  author	= {Ness, S.R. and Wright, M. and Martins, L. G. and
		  Tzanetakis, G.},
  title		= {Chants and Orcas: semi-automatic tools for audio
		  annotation and analysis in niche domains},
  booktitle	= {Proceeding of the 2nd ACM workshop on Multimedia
		  semantics},
  series	= {MS '08},
  year		= {2008},
  pages		= {9--16}
}

@InProceedings{	  ness2013orchive,
  title		= {{The Orchive} : {D}ata mining a massive bioacoustic archive},
  author	= {Steven Ness and Helena Symonds and Paul Spong and George
		  Tzanetakis.},
  booktitle	= {ICML 2013 Workshop on Machine Learning for Bioacoustics},
  year		= {2013}
}

@Article{	  norris1999humpback,
  author	= {Norris T. F. and McDonald, M. and Barlow, J.},
  year		= {1999},
  title		= {Acoustic detections of singing humpback whales (\textit{Megaptera
		  novaeangliae}) in the eastern {North Pacific} during their
		  northbound migration.},
  journal	= {Journal of the Acoustical Society of America},
  volume	= {106},
  number	= {1},
  pages		= {506-514}
}

@Article{	  nousek2006social,
  author	= {Nousek, A. E. and Slater, P. J. and Wang, C. and Miller,
		  P. J. },
  title		= {{{T}he influence of social affiliation on individual vocal
		  signatures of northern resident killer whales ({O}rcinus
		  orca)}},
  journal	= {Biological Letters},
  year		= {2006},
  volume	= {2},
  pages		= {481--484}
}

@Article{	  nowacek2005acoustic,
  title		= {Acoustic Ecology Of Foraging Bottlenose Dolphins (\textit{Tursiops
		  Truncatus}), Habitat-Specific Use Of Three Sound Types},
  author	= {Nowacek, Douglas P},
  journal	= {Marine Mammal Science},
  volume	= {21},
  number	= {4},
  pages		= {587--602},
  year		= {2005},
  publisher	= {Wiley Online Library}
}

@Article{	  nowicki1988birds,
  title		= {How do birds sing?},
  author	= {Nowicki, Stephen and Marler, Peter},
  journal	= {Music Perception},
  pages		= {391--426},
  year		= {1988},
  publisher	= {JSTOR}
}

@Article{	  nummela1999anatomy,
  title		= {The anatomy of the killer whale middle ear (Orcinus
		  orca)},
  author	= {Nummela, Sirpa and Reuter, Tom and Hemila, Simo and
                  Holmberg, Peter and Paukku, Pertti},
  journal	= {Hearing Research},
  volume	= {133},
  number	= {1},
  pages		= {61--70},
  year		= {1999},
  publisher	= {Elsevier}
}

@Article{	  oberhauser2008citizen,
  title		= {Citizen science: creating a research army for
		  conservation},
  author	= {Oberhauser, Karen and Prysby, Michelle D},
  journal	= {American Entomologist},
  volume	= {54},
  number	= {2},
  pages		= {103--104},
  year		= {2008},
  publisher	= {Lanham, Md.: Entomological Society of America, c1990-}
}

@TechReport{	  olesiuk1990life,
  author	= {P.F. Olesiuk, M.A. Bigg and G.E. Ellis},
  title		= {Life history and population dynamics of resident killer
		  whales (\textit{Orcinus orca}) in the coastal waters of {B}ritish
		  {C}olumbia and {W}ashington {S}tate},
  booktitle	= {Reports of the International Whaling Commission},
  volume	= {12},
  year		= {1990},
  pages		= {209-243}
}

@Article{	  olson2000distance,
  author	= {G.M. Olson and J.S. Olson},
  journal	= {Human-Computer Interaction},
  number	= {2/3},
  pages		= {139--178},
  title		= {Distance matters},
  volume	= {15},
  year		= {2000}
}

@Article{	  oswald2003acoustic,
  author	= {Oswald, Julie N. and Barlow, Jay and Norris, Thomas F.},
  Title		= {Acoustic Identification Of Nine Delphinid Species In The
		  Eastern Tropical Pacific Ocean},
  journal	= {Marine Mammal Science},
  volume	= {19},
  number	= {1},
  publisher	= {Blackwell Publishing Ltd},
  issn		= {1748-7692},
  pages		= {20--037},
  year		= {2003}
}

@Book{		  owen2011mahout,
  title		= {Mahout in action},
  author	= {Owen, Sean and Anil, Robin and Dunning, Ted and Friedman,
		  Ellen},
  year		= {2011},
  publisher	= {Manning}
}

@Article{	  parijs2004norwegian,
  author	= {Sofie M. Van Parijs and Teo Leyssen and Tiu Simil},
  title		= {Sounds produced by {Norwegian} killer whales, \textit{Orcinus orca},
		  during capture},
  journal	= {Journal of the Acoustical Society of America},
  volume	= {116},
  issue		= {1},
  pages		= {557-560},
  year		= {2004}
}

@Article{	  puckette1998real,
  title		= {Real-time audio analysis tools for Pd and MSP},
  author	= {Puckette, Miller S and Ucsd, Miller S Puckette and Apel,
		  Theodore and others},
  year		= {1998},
  publisher	= {Citeseer}
}

@Article{	  quinlan1986induction,
  title		= {Induction of decision trees},
  author	= {Quinlan, J. Ross},
  journal	= {Machine Learning},
  volume	= {1},
  number	= {1},
  pages		= {81--106},
  year		= {1986},
  publisher	= {Springer}
}

@Book{		  quinlan1993c45,
  author	= {Quinlan, J. Ross},
  title		= {C4.5: programs for Machine Learning},
  year		= {1993},
  isbn		= {1-55860-238-0},
  publisher	= {Morgan Kaufmann Publishers Inc.},
  address	= {San Francisco, CA, USA}
}

@Misc{		  ravenpro,
  author	= {{Cornell} {Lab} {of} {Ornithology}: {Bioacoustics}
		  {Research} {Program}},
  citeulike-article-id={4303140},
  howpublished	= {http://www.birds.cornell.edu/raven},
  keywords	= {file-import-09-04-12},
  posted-at	= {2009-04-12 15:42:27},
  priority	= {2},
  title		= {{Raven} {Pro} 1.3},
  year		= {2008}
}

@InProceedings{	  redstrom1998acoustic,
  title		= {Is Acoustic Ecology About Ecology},
  author	= {Redstrom, Johan},
  booktitle	= {Hey Listen : Reflections on the International
                  Conference On Acoustic Ecology, Stockholm},
  year		= {1998}
}

@Article{	  rendell2001culture,
  author	= {Rendell, L. and Whitehead, H. },
  title		= {{{C}ulture in whales and dolphins}},
  journal	= {Behavioral Brain Science},
  year		= {2001},
  volume	= {24},
  pages		= {309--324},
  month		= {Apr}
}

@Article{	  riede1993monitoring,
  title		= {Monitoring biodiversity: analysis of {A}mazonian rainforest
		  sounds},
  author	= {Riede, K.},
  journal	= {Ambio},
  pages		= {546--548},
  year		= {1993},
  publisher	= {JSTOR}
}

@Article{	  riesch2006stability,
  author	= {Rudiger Riesch and John K.B. Ford and Frank Thomsen},
  title		= {Stability and group specificity of stereotyped whistles in
		  resident killer whales, \textit{Orcinus orca}, off {B}ritish {C}olumbia},
  journal	= {Animal Behaviour},
  volume	= {71},
  number	= {1},
  pages		= {79 - 91},
  year		= {2006}
}

@Article{	  riesch2008sequences,
  author	= {Riesch, R. and Ford, J. K. and Thomsen, F. },
  title		= {{{W}histle sequences in wild killer whales ({O}rcinus
		  orca)}},
  journal	= {Journal of the Acoustical Society of America},
  year		= {2008},
  volume	= {124},
  pages		= {1822--1829}
}

@Article{	  rongen2008liblinear,
  author	= {Rong-En Fan and Kai-Wei Chang and Cho-Jui Hsieh and
		  Xiang-Rui Wang and Chih-Jen Lin},
  title		= {{LIBLINEAR}: A Library for Large Linear Classification},
  journal	= {Journal of Machine Learning Research},
  year		= {2008},
  volume	= {9},
  pages		= {1871--1874}
}

@Article{	  ruck1990multilayer,
  title		= {The multilayer perceptron as an approximation to a Bayes
		  optimal discriminant function},
  author	= {Ruck, Dennis W and Rogers, Steven K and Kabrisky, Matthew
		  and Oxley, Mark E and Suter, Bruce W},
  journal	= {Neural Networks, IEEE Transactions on},
  volume	= {1},
  number	= {4},
  pages		= {296--298},
  year		= {1990},
  publisher	= {IEEE}
}

@Article{	  rumelhart2002learning,
  title		= {Learning representations by back-propagating errors},
  author	= {Rumelhart, David E and Hinton, Geoffrey E and Williams,
		  Ronald J},
  journal	= {Cognitive modeling},
  volume	= {1},
  pages		= {213},
  year		= {2002}
}

@Book{		  salomon1997distributed,
  year		= {1997},
  author	= {Salomon, Gavriel},
  title		= {Distributed cognitions: Psychological and educational
		  considerations},
  publisher	= {Cambridge University Press},
  isbn		= {0-521-57423-4}
}

@Article{	  sarkar2002discovering,
  author	= {Sarkar,I.N. and Rindflesch,T.C.},
  title		= {{Discovering protein similarity using natural language
		  processing.}},
  journal	= {Proceedings of the American Medical Informatics Association Symposium},
  pages		= {677--81},
  year		= {2002}
}

@Article{	  sayigh1990signature,
  title		= {Signature whistles of free-ranging bottlenose dolphins
		  \textit{Tursiops truncatus}: stability and mother-offspring
		  comparisons},
  author	= {Sayigh, Laela S and Tyack, Peter L and Wells, Randall S
		  and Scott, Michael D},
  journal	= {Behavioral Ecology and Sociobiology},
  volume	= {26},
  number	= {4},
  pages		= {247--260},
  year		= {1990},
  publisher	= {Springer}
}

@Article{	  schneiderman1997direct,
  author	= {Schneiderman, Ben and Maes, Pattie},
  title		= {Direct manipulation vs. interface agents},
  journal	= {Interactions},
  volume	= {4},
  number	= {6},
  year		= {1997},
  issn		= {1072-5520},
  pages		= {42--61},
  doi		= {http://doi.acm.org/10.1145/267505.267514},
  publisher	= {ACM},
  address	= {New York, NY, USA}
}

@Article{	  scholkopf97rbf,
  author	= {Bernhard Scholkopf and Kah Kay Sung and Christopher J. C.
		  Burges and Federico Girosi and Partha Niyogi and Tomaso
		  Poggio and Vladimir Vapnik},
  title		= {Comparing support vector machines with Gaussian kernels to
		  radial basis function classifiers},
  journal	= {IEEE Transactions on Signal Processing},
  volume	= {45},
  number	= {11},
  year		= {1997},
  pages		= {2758-2765},
  ee		= {http://dx.doi.org/10.1109/78.650102},
  bibsource	= {DBLP, http://dblp.uni-trier.de}
}

@Article{	  shapiro2006signature,
  author	= {Shapiro, A. D.},
  year		= {2006},
  title		= {Preliminary evidence for signature vocalizations among
		  free-ranging narwhals \textit{Monodon monoceros}},
  journal	= {Journal of the Acoustical Society of America},
  volume	= {120},
  pages		= {1695-1705}
}

@Article{	  shapiro2009pitch,
  author	= {Shapiro, Ari D. and Wang, Chao},
  journal	= {Journal of the Acoustical Society of America},
  number	= {1},
  pages		= {451--459},
  title		= {{A versatile pitch tracking algorithm: From human speech
		  to killer whale vocalizations}},
  volume	= {126},
  year		= {2009}
}

@Article{	  simon07echolocation,
  author	= {Simon, M. and Wahlberg, M. and Miller, L. A. },
  title		= {{{E}cholocation clicks from killer whales ({O}rcinus orca)
		  feeding on herring ({C}lupea harengus)}},
  journal	= {Journal of the Acoustical Society of America},
  year		= {2007},
  volume	= {121},
  pages		= {749--752},
  month		= {Feb}
}

@Article{	  simon2005tailslap,
  author	= {Simon, M. and Wahlberg, M. and Ugarte, F. and Miller, L.
		  A. },
  title		= {{{A}coustic characteristics of underwater tail slaps used
		  by {N}orwegian and {I}celandic killer whales ({O}rcinus
		  orca) to debilitate herring ({C}lupea harengus)}},
  journal	= {Journal of Experimental Biology},
  year		= {2005},
  volume	= {208},
  pages		= {2459--2466},
  month		= {Jun}
}

@Article{	  singleton1967spectral,
  author	= {Singleton, Richard C. and Poulter, T.C.},
  journal	= {IEEE Transactions on Audio and Electroacoustics},
  title		= {Spectral analysis of the call of the male killer whale},
  year		= {1967},
  volume	= {15},
  number	= {2},
  pages		= {104-113},
  keywords	= {Audio recording;Band pass filters;Digital
		  recording;Frequency estimation;Frequency response;Harmonic
		  analysis;Power harmonic filters;Signal analysis;Spectral
		  analysis;Whales},
  doi		= {10.1109/TAU.1967.1161898},
  issn		= {0018-9278}
}

@Article{	  slater1982minimising,
  title		= {Minimising errors in splitting behaviour into bouts},
  author	= {Slater, PJB and Lester, NP},
  journal	= {Behaviour},
  volume	= {79},
  number	= {2-4},
  pages		= {2--4},
  year		= {1982},
  publisher	= {BRILL}
}

@Article{	  smith2004listening,
  title		= {Listening to the Wild Blue Yonder: The Challenges of
		  Acoustic Ecology},
  author	= {Smith, Bruce R},
  journal	= {Hearing Cultures: Essays on Sound, Listening and
		  Modernity},
  pages		= {21--41},
  year		= {2004},
  publisher	= {Berg}
}

@Article{	  stafford1998longrange,
  author	= {Stafford, K. M. and Fox, C. G. and Clark, D. S.},
  year		= {1998},
  title		= {Longrange acoustic detection and localization of blue
		  whale calls in the northeast {Pacific Ocean}},
  journal	= {Journal of the Acoustical Society of America},
  volume	= {104},
  issue		= {6},
  pages		= {3616-3625}
}

@Article{	  steiner1979vocalizations,
  author	= {Steiner, William W. and Hain, James H. and Winn, Howard E.
		  and Perkins, Paul J.},
  title		= {Vocalizations and Feeding Behavior of the Killer Whale
		  (\textit{Orcinus orca})},
  journal	= {Journal of Mammalogy},
  volume	= {60},
  number	= {4},
  pages		= {823-827},
  year		= {1979}
}

@Article{	  strager1995call,
  author	= {H. Strager},
  title		= {Pod-specific call repertoires and compound calls of killer
		  whales, \textit{Orcinus orca} Linnaeus, 1758, in the waters of
		  northern {Norway}},
  journal	= {Canadian Journal of Zoology},
  volume	= {73},
  year		= {1995},
  pages		= {1037-1047}
}

@Article{	  sueur2008rapid,
  author	= {Sueur, Jerome AND Pavoine, Sandrine AND Hamerlynck,
		  Olivier AND Duvail, Stephanie},
  journal	= {PLoS ONE},
  publisher	= {Public Library of Science},
  title		= {Rapid Acoustic Survey for Biodiversity Appraisal},
  year		= {2008},
  month		= {12},
  volume	= {3}
}

@InProceedings{	  sumner1997cognitive,
  author	= {Sumner, Tamara and Bonnardel, Nathalie and Harstad Kallak,
		  Benedikte},
  title		= {The cognitive ergonomics of knowledge-based design support
		  systems},
  booktitle	= {Proceedings of the ACM CHI Conference on Human Factors in Computing Systems Proc. (CHI) 1997},
  year		= {1997},
  pages		= {83--90},
  location	= {Atlanta, Georgia, United States},
  publisher	= {ACM},
}

@Article{	  supin2008forward,
  author	= {Supin, A. Y. and Nachtigall, P. E. and Breese, M. },
  title		= {{{F}orward masking as a mechanism of automatic gain
		  control in odontocete biosonar: a psychophysical study}},
  journal	= {Journal of the Acoustical Society of America},
  year		= {2008},
  volume	= {124},
  pages		= {648--656},
  month		= {Jul}
}

@Book{		  surowiecki05crowdsourcing,
  author	= {Surowiecki, James },
  publisher	= {Anchor},
  title		= {The Wisdom of Crowds},
  year		= {2005}
}

@Article{	  szymanski1999brainstem,
  author	= {Szymanski, M. D. and Bain, D. E. and Kiehl, K. and
		  Pennington, S. and Wong, S. and Henry, K. R. },
  title		= {{{K}iller whale ({O}rcinus orca) hearing: auditory
		  brainstem response and behavioral audiograms}},
  journal	= {Journal of the Acoustical Society of America},
  year		= {1999},
  volume	= {106},
  pages		= {1134--1141},
  month		= {Aug}
}

@Article{	  taylor2009neptune,
  author	= {S. Martin Taylor},
  title		= {Transformative ocean science through the VENUS and NEPTUNE
		  {C}anada ocean observing systems},
  journal	= {Nuclear Instruments and Methods in Physics Research
		  Section A: Accelerators, Spectrometers, Detectors and
		  Associated Equipment},
  volume	= {602},
  number	= {1},
  pages		= {63 - 67},
  year		= {2009},
  note		= {Proceedings of the 3rd International Workshop on a Very
		  Large Volume Neutrino Telescope for the Mediterranean Sea}
}

@InProceedings{	  thomsen1999orca,
  author	= {F. Thomsen and J.K.B. Ford},
  title		= {Behavioural significance and structure of whistles from
		  wild killer whales (\textit{Orcinus orca}) in the waters around
		  {{Vancouver} Island}, {B}ritish {C}olumbia},
  booktitle	= {Proceedings of the 12th Annual Conference of the European
		  Cetacean Society},
  year		= {1998},
  pages		= {262-265}
}

@Article{	  thomsen2001whistles,
  author	= {F. Thomsen, D. Franck and J.K.B. Ford},
  title		= {Characteristics of whistles from the acoustic repertoire
		  of resident killer whales (\textit{Orcinus orca}) off {{Vancouver}
		  Island}, {B}ritish {C}olumbia},
  journal	= {Journal of the Acoustical Society of America},
  volume	= {109},
  year		= {2001},
  pages		= {1240-1246}
}

@Article{	  thomsen2002significance,
  author	= {F. Thomsen, D. Franck and J.K.B. Ford},
  title		= {On the communicative significance of whistles in wild
		  killer whales (\textit{Orcinus orca})},
  journal	= {Naturwissenschaften},
  volume	= {89},
  year		= {2002},
  pages		= {404-407}
}

@TechReport{	  thornton1994environmental,
  author	= {Thornton, K. W. and G. E. Saul and D. E. Hyatt},
  year		= {1994},
  title		= {Environmental Monitoring and Assessment Program Assessment
		  Framework.},
  booktitle	= {EMAP Center. U.S. Environmental Protection Agency,
		  Research Triangle Park, N.C., USA.}
}

@Article{	  travis08crowdsourcing,
  author	= {Travis, John },
  journal	= {Science},
  number	= {5871},
  pages		= {1750--1752},
  title		= {SCIENCE AND COMMERCE: Science by the Masses},
  volume	= {319},
  year		= {2008}
}

@Article{	  truax2001handbook,
  title		= {Handbook of Acoustic Ecology, (CD-ROM version)},
  author	= {Truax, Barry},
  journal	= {Computer Music Journal},
  volume	= {25},
  pages		= {93--94},
  year		= {2001}
}

@Article{	  tzanetakis00,
  author	= {G. Tzanetakis and P. Cook},
  journal	= {Organized Sound},
  number	= {3},
  title		= {Marsyas: A Framework for Audio Analysis},
  volume	= {4},
  year		= {2000}
}

@InProceedings{	  tzanetakis2007orchive,
  author	= {G. Tzanetakis and M. Lagrange and P. Spong and H.
		  Symonds},
  booktitle	= {Proceedings of the RIAO, Large-Scale Semantic Access to Content
		  Conference},
  date-modified	= {2008-07-04 18:16:32 +0100},
  organization	= {RIAO},
  title		= {ORCHIVE: Digitizing and Analyzing Orca Vocalizations},
  year		= {2007}
}

@Article{	  tzanetakis2008ce,
  author	= {Tzanetakis, G. and Kapur. A and Schloss, W.A and Wright,
		  M.},
  title		= {Computational Ethnomusicology},
  journal	= {Journal of Interdisciplinary Music Studies},
  year		= {2007},
  volume	= {1},
  number	= {2}
}

@InCollection{	  tzanetakis2008marsyas,
  author	= {G. Tzanetakis},
  title		= {Marsyas-0.2: A case study in implementing music
		  information retrieval systems},
  chapter	= {2},
  series	= {Intelligent Music Information Systems: Tools and
		  Methodologies},
  publisher	= {Information Science Reference},
  year		= {2008},
  pages		= {31-49},
  note		= {Shen, Shepherd, Cui, Liu (eds)}
}

@Article{	  ukkonen1995line,
  title		= {On-line construction of suffix trees},
  author	= {Ukkonen, Esko},
  journal	= {Algorithmica},
  volume	= {14},
  number	= {3},
  pages		= {249--260},
  year		= {1995},
  publisher	= {Springer}
}

@Article{	  urazghildiiev2009rightwhale,
  author	= {Urazghildiiev, I.R. and Clark, C.W. and Krein, T.P. and
		  Parks, S.E.},
  journal	= {IEEE Journal of Oceanic Engineering},
  title		= {Detection and Recognition of North Atlantic Right Whale
		  Contact Calls in the Presence of Ambient Noise},
  year		= {2009},
  volume	= {34},
  number	= {3},
  pages		= {358-368}
}

@Article{	  urquhart1998monitoring,
  author	= {Urquhart, N. S. and S. G. Paulsen and D. P. Larsen.},
  year		= {1998},
  title		= {Monitoring for policy-relevant regional trends over
		  time.},
  journal	= {Ecological Applications},
  issue		= {8},
  pages		= {246-257}
}

@Article{	  urquhart1999designs,
  author	= {Urquhart, N.S. and T.M. Kincaid.},
  year		= {1999},
  title		= {Designs for detecting trend from repeated surveys of
		  ecological resources.},
  journal	= {Journal of Agricultural, Biological, and Environmental
		  Statistics},
  issue		= {4},
  pages		= {404-414}
}

@InProceedings{	  vonahn2004labelling,
  author	= {von Ahn, Luis and Dabbish, Laura},
  title		= {Labeling images with a computer game},
  booktitle	= {CHI '04: Proceedings of the SIGCHI conference on Human
		  factors in computing systems},
  year		= {2004},
  isbn		= {1-58113-702-8},
  pages		= {319--326},
  location	= {Vienna, Austria},
  doi		= {http://doi.acm.org/10.1145/985692.985733},
  publisher	= {ACM},
  address	= {New York, NY, USA}
}

@Article{	  vonahn2008gwap,
  author	= {von Ahn, Luis and Dabbish, Laura},
  title		= {Designing games with a purpose},
  journal	= {Communications of the ACM},
  volume	= {51},
  number	= {8},
  year		= {2008},
  issn		= {0001-0782},
  pages		= {58--67},
  publisher	= {ACM},
  address	= {New York, NY, USA}
}

@PhDThesis{	  waltersphd,
  author	= {Walters, T.C.},
  school	= {University of Cambridge.},
  title		= {Auditory-Based Processing of Communication Sounds},
  year		= 2011
}

@InProceedings{	  wang2000pitch,
  author	= {Wang, C. and Seneff, S.},
  journal	= {IEEE International Conference On Acoustics Speech And
		  Signal Processing},
  pages		= {1343--1346},
  title		= {{Robust pitch tracking for prosodic modeling in telephone
		  speech}},
  volume	= {3},
  year		= {2000},
  organization	= {IEEE}
}

@InCollection{	  watkins1967harmonic,
  author	= {Watkins, W. A},
  year		= {1967},
  title		= {The harmonic interval: fact or artifact in spectral
		  analysis of pulse trains},
  volume	= {2},
  booktitle	= {In: W. N. Tavolga, Editor, Marine Bioacoustics},
  publisher	= {Pergamon New York},
  pages		= {15-43}
}

@Article{	  watson2004biodiversity,
  author	= {Watson, I. and P. Novelly.},
  year		= {2004},
  title		= {Making the biodiversity monitoring system sustainable:
		  Design issues for large-scale monitoring systems.},
  journal	= {Austral Ecology},
  issue		= {29},
  pages		= {16-30}
}

@Article{	  watwood2004whistle,
  author	= {Watwood S. L. and Tyack P. L. and Wells R. S},
  year		= {2004},
  title		= {Whistle sharing in paired male bottlenose dolphins,
		  \textit{Tursiops truncatus}},
  journal	= {Behavioral Ecology and Sociobiology},
  volume	= {55},
  pages		= {531-543}
}

@Article{	  watwood2005signature,
  title		= {Signature whistle use by temporarily restrained and
		  free-swimming bottlenose dolphins, \textit{Tursiops truncatus}},
  journal	= {Animal Behaviour },
  volume	= {69},
  number	= {6},
  pages		= {1373 - 1386},
  year		= {2005},
  note		= {},
  issn		= {0003-3472},
  doi		= {10.1016/j.anbehav.2004.08.019},
  url		= {http://www.sciencedirect.com/science/article/pii/S0003347205000679}
		  ,
  author	= {Stephanie L. Watwood and Edward C.G. Owen and Peter L.
		  Tyack and Randall S. Wells}
}

@Article{	  weiss2006vocal,
  author	= {Brigitte M. Weiss and Friedrich Ladich and Paul Spong and
		  Helena Symonds},
  journal	= {Journal of the Acoustical Society of America},
  number	= {1},
  pages		= {627-635},
  title		= {Vocal behavior of resident killer whale matrilines with
		  newborn calves: The role of family signatures},
  volume	= {119},
  year		= {2006}
}

@Article{	  weiss2007intra,
  author	= {Weiss, B. M. and Symonds, H. and Spong, P. and Ladich, F.
		  },
  title		= {{{I}ntra- and intergroup vocal behavior in resident killer
		  whales, {O}rcinus orca}},
  journal	= {Journal of the Acoustical Society of America},
  year		= {2007},
  volume	= {122},
  pages		= {3710--3716}
}

@Article{	  westerkamp2002linking,
  title		= {Linking soundscape composition and acoustic ecology},
  author	= {Westerkamp, Hildegard},
  journal	= {Organised Sound},
  volume	= {7},
  number	= {1},
  pages		= {51--56},
  year		= {2002},
  publisher	= {Cambridge Univ Press}
}

@InProceedings{	  wimmer2010scaling,
  author	= {Wimmer, J. and Towsey, M. and Planitz, B. and Roe, P. and
		  Williamson, I.},
  booktitle	= {e-Science (e-Science), 2010 IEEE Sixth International
		  Conference on},
  title		= {Scaling Acoustic Data Analysis through Collaboration and
		  Automation},
  year		= {2010},
  month		= {dec.},
  volume	= {},
  number	= {},
  pages		= {308 -315}
}

@Book{		  witten2005weka,
  author	= {Witten, I.H. and Frank, E.},
  title		= {Data Mining: Practical Machine Learning Tools and
		  Techniques},
  publisher	= {Morgan Kaufmann},
  year		= {2005}
}

@Article{	  wrightson2000introduction,
  title		= {An introduction to acoustic ecology},
  author	= {Wrightson, Kendall},
  journal	= {Soundscape: The Journal Of Acoustic Ecology},
  volume	= {1},
  number	= {1},
  pages		= {10--13},
  year		= {2000}
}

@Article{	  ylitalo2001organochlorine,
  author	= {Ylitalo, G. M. and Matkin, C. O. and Buzitis, J. and
		  Krahn, M. M. and Jones, L. L. and Rowles, T. and Stein, J.
		  E. },
  title		= {{{I}nfluence of life-history parameters on organochlorine
		  concentrations in free-ranging killer whales ({O}rcinus
		  orca) from {P}rince {W}illiam {S}ound, {A}{K}}},
  journal	= {Science of the Total Environment},
  year		= {2001},
  volume	= {281},
  pages		= {183--203}
}

@Article{	  yurk2010sequential,
  author	= {Harald Yurk and Olga Filatova and Craig O. Matkin and
		  Lance G. Barrett-Lennard and Michael Brittain},
  title		= {Sequential Habitat Use by Two Resident Killer Whale
		  (\textit{Orcinus orca}) Clans in {Resurrection Bay, Alaska}, as
		  Determined by Remote Acoustic Monitoring},
  journal	= {{Aquatic Mammals}},
  volume	= {36},
  issue		= {1},
  pages		= {67-78},
  year		= {2010}
}

@PhDThesis{	  yurkphd,
  author	= {Harald Yurk},
  title		= {The evolutionary history of resident killer whale clans in
		  the northeastern Pacific using vocal dialects},
  year		= {2005},
  school	= {UBC}
}

@Article{	  zarnik1929zivot,
  author	= {Zarnik, Boris},
  title		= {{Zivot i rad Ivana Regena}},
  journal	= {Priroda},
  pages		= {1-7},
  year		= {1929}
}

@inproceedings{chen2013optimistic,
  title={Optimistic Knowledge Gradient Policy for Optimal Budget
                  Allocation in Crowdsourcing},
  author={Chen, Xi and Lin, Qihang and Zhou, Dengyong},
  booktitle={ICML},
  year={2013} 
}

@article{dubnov1996testing,
  title={Testing for Gaussianity and Non Linearity in the sustained
                  portion of musical sounds.},
  author={Dubnov, Shlomo and Tishby, Naftali},
  journal={Proceedings of the Journees Informatique Musicale},
  volume={9},
  year={1996}
}

@article{joreskog1999formulas,
  title={Formulas for skewness and kurtosis},
  author={J{\"o}reskog, Karl G},
  journal={Scientific Software International, http://www. ssicentral. com/lisrel},
  year={1999}
}

@article{bernerslee1992www,
  author    = {Tim Berners-Lee and Robert Cailliau and Jean-Fran\c{c}ois Groff and Bernd Pollermann},
  title     = {World-Wide Web: The Information Universe},
  journal   = {Electronic Networking: Research, Applications and Policy},
  volume    = {1},
  number    = {2},
  year      = {1992},
  pages     = {74-82},
  bibsource = {DBLP, http://dblp.uni-trier.de}
}


@inproceedings{biro2012computational,
  title={On Computational Transcription and Analysis of Oral and
                  Semi-Oral Chant Traditions},
  author={Bir{\'o}, D{\'a}niel P{\'e}ter and Kranenburg, P and Ness,
                  SR and Tzanetakis, George and Volk, Anja},
  booktitle={Proceedings of the Analytical Approaches to World Music
                  Conference, AAWM 2012},
  year={2012}
}

@inproceedings{biro2012stability,
  title={Stability and Variation in Cadence Formulas in Oral and
                  Semi-Oral Chant Traditions--a Computational
                  Approach},
  author={Bir{\'o}, DP and Kranenburg, P and Ness, SR and Tzanetakis, G and Volk, A},
  booktitle={Proceedings of the 12th International Conference on Music
                  Perception and Cognition and the 8th Triennial
                  Conference of the European Society for the Cognitive
                  Sciences of Music},
  year={2012}
}

@article{ness2012sonophenology,
  title={Sonophenology},
  author={Ness, Steven and Reimer, Paul and Love, Justin and Schloss,
                  W Andrew and Tzanetakis, George},
  journal={Journal on Multimodal User Interfaces},
  volume={5},
  number={3-4},
  pages={123--129},
  year={2012},
  publisher={Springer}
}

@incollection{ness2010sparse,
  author={Steven R. Ness and Thomas C. Walters and and Richard
                  F. Lyon},
  year={2010},
  title={Auditory Sparse Coding,},
  booktitle={In: Tao Li and George Tzanetakis editors, Music Data Mining },
  publisher={CRC Press},
}


@inproceedings{ness2010sonophenology,
  title={Sonophenology: a tangible interface for sonification of
                  geo-spatial phenological data at multiple
                  time-scales},
  author={Ness, Steven R and Reimer, Paul and Krell, Norman and
                  Odowichuck, Gabrielle and Schloss, W Andrew and
                  Tzanetakis, George},
  booktitle={International Conference On Auditory Display},
  pages={55--62},
  year={2010}
}


@incollection{patterson1992complex,
    address = {Pergamon, Oxford},
    author = {Patterson, R. D. and Robinson, K. and Holdsworth, J. and
                  Mc{k}eown, D. and Zhang, C. and Allerhand, M.},
    booktitle = {Auditory Physiology and Perception},
    editor = {Cazals, Y. and Demany, L. and Honer, K.},
    pages = {429--443},
    publisher = {Pergamon},
    title = {Complex Sounds and auditory images},
    year = {1992}
}

@article{rehn2009sparse,
Author={Martin Rehn and Richard F. Lyon and Samy Bengio and Thomas
                  C. Walters and Gal Chechik},
Title={Sound Ranking Using Auditory Sparse-Code Representations},
Journal={ICML 2009 Workshop on Sparse Methods for Music Audio},
year=2009}
}

@inproceedings{duda1990correlograms,
  author = 		 {R O Duda, R F Lyon},
  title = 		 {Correlograms and the separation of sounds},
  booktitle = {Proc. IEEE Conf. on Signals, Systems and Computers, Asilomar},
  year = 	 {1990}
}

@article{lyon2011cas,
title={Cascades of two-pole-two-zero asymmetric resonators are good
                  models of peripheral auditory function.},
author={Lyon, R.F.},
journal={Journal of the Acoustical Society of America},
volume={130},
number={6},
pages={3893-904},
year={2011},
}

@inproceedings{chechik08,
 author = {Chechik,, Gal and Ie,, Eugene and Rehn,, Martin and
                  Bengio,, Samy and Lyon,, Dick},
 title = {Large-scale content-based audio retrieval from text queries},
 booktitle = {MIR '08: Proceeding of the 1st ACM Int. Conf. on
                  Multimedia information retrieval},
 year = {2008},
 isbn = {978-1-60558-312-9},
 pages = {105--112},
 location = {{Vancouver}, {B}ritish {C}olumbia, {C}anada},
 publisher = {ACM},
 address = {New York, NY, USA},
 }

@book{slaney1993time,
  author={Malcolm Slaney and Richard F. Lyon},
  title={On The Importance Of Time A Temporal Time - A Temporal Representation
                  Of Sound Representaton Of Sound},
  booktitle={Visual Representations of Speech Signals, Martin Cooke,
                  Steve Beet, and Malcolm Crawford (eds.)},
  pages={95-116},
  year={1993},
  publisher={John Wiley and Sons Ltd.},
}

@inproceedings{henderson1995job,
  title={Job scheduling under the portable batch system},
  author={Henderson, Robert L},
  booktitle={Job scheduling strategies for parallel processing},
  pages={279--294},
  year={1995},
  organization={Springer}
}

@inproceedings{ness2011strategies,
  title={Strategies for orca call retrieval to support collaborative
                  annotation of a large archive},
  author={Ness, Steven R and Lerch, Alex and Tzanetakis, George},
  booktitle={Multimedia Signal Processing (MMSP), 2011 IEEE 13th
                  International Workshop on},
  pages={1--6},
  year={2011},
  organization={IEEE}
}

@inproceedings{sattar2011automatic,
  title={Automatic event detection for long-term monitoring of
                  hydrophone data},
  author={Sattar, F and Driessen, PF and Tzanetakis, G and Ness, SR and Page, WH},
  booktitle={Communications, Computers and Signal Processing (PacRim),
                  2011 IEEE Pacific Rim Conference on},
  pages={668--674},
  year={2011},
  organization={IEEE}
}

@inproceedings{van2011computational,
  title={A Computational Investigation of Melodic Contour Stability in
                  {Jewish Torah Trope} Performance Traditions.},
  author={van Kranenburg, Peter and Bir{\'o}, D{\'a}niel P{\'e}ter and
                  Ness, Steven R qand Tzanetakis, George},
  booktitle={ISMIR},
  pages={163--168},
  year={2011}
}

@article{ness2010computer,
  title={Computer-assisted cantillation and chant research using
                  content-aware web visualization tools},
  author={Ness, Steven R and Bir{\'o}, D{\'a}niel P{\'e}ter and
                  Tzanetakis, George},
  journal={Multimedia Tools and Applications},
  volume={48},
  number={1},
  pages={207--224},
  year={2010},
  publisher={Springer}
}

@inproceedings{ness2009content,
  title={Content-aware web browsing and visualization tools for
                  cantillation and chant research},
  author={Ness, Steven R and Tzanetakis, George and Bir{\'o},
                  D{\'a}niel P{\'e}ter},
  booktitle={Content-Based Multimedia Indexing, 2009. CBMI'09. Seventh
                  International Workshop on},
  pages={81--86},
  year={2009},
  organization={IEEE}
}

@inproceedings{ness2008decoding,
  author = {Biro D.P. and Ness, S. and Wright, M. and Schloss, W. A.
                  and Tzanetakis, G.},
  title = {Decoding the Song: Histogram-Based Paradigmatic and
                  Syntagmatic Analysis of Melodic Formulae in
                  Hungarian Laments, Jewish {Torah Trope}, Tenth Century
                  Plainchant and {Koran} Recitation},
  booktitle = {EMUS Expressivity in MUsic and Speech : IRCAM -
                  Institut de Recherche et de Coordination
                  Acoustique/Musique - Paris, France},
  year = {2008}
}


@book{ness2011gesture,
  title={Gesture Analysis of Radiodrum Data},
  author={Ness, Steven R and Zehtabi, Sonmaz and Tzanetakis, George
                  and Schloss, Andrew W},
  year={2011},
  publisher={Ann Arbor, MI: MPublishing, University of Michigan Library}
}

@inproceedings{ness2011music,
  title={Music Information Robotics: Coping Strategies for Musically
                  Challenged Robots.},
  author={Ness, Steven R and Trail, Shawn and Driessen, Peter F and
                  Schloss, W Andrew and Tzanetakis, George},
  booktitle={ISMIR},
  pages={567--572},
  year={2011}
}

@inproceedings{miller2010geoshuffle,
  title={Geoshuffle: Location-Aware, Content-based Music Browsing
                  Using Self-organizing Tag Clouds.},
  author={Miller, Scott and Reimer, Paul and Ness, Steven R and
                  Tzanetakis, George},
  booktitle={ISMIR},
  pages={237--242},
  year={2010}
}

@inproceedings{ness2009improving,
  title={Improving automatic music tag annotation using stacked
                  generalization of probabilistic svm outputs},
  author={Ness, Steven R and Theocharis, Anthony and Tzanetakis,
                  George and Martins, Luis Gustavo},
  booktitle={Proceedings of the 17th ACM international conference on
                  Multimedia},
  pages={705--708},
  year={2009},
  organization={ACM}
}

@inproceedings{tzanetakis2009assistive,
  title={Assistive music browsing using self-organizing maps},
  author={Tzanetakis, George and Benning, Manjinder Singh and Ness,
                  Steven R and Minifie, Darren and Livingston, Nigel},
  booktitle={Proceedings of the 2nd International Conference on
                  PErvasive Technologies Related to Assistive
                  Environments},
  pages={3},
  year={2009},
  organization={ACM}
}

@book{ness2009somba,
  title={SOMba: Multiuser music creation using Self-Organizing Maps
                  and Motion Tracking},
  author={Ness, Steven R and Tzanetakis, George},
  year={2009},
  publisher={Ann Arbor, MI: MPublishing, University of Michigan
                  Library}
}

@book{ness2009audioscapes,
  title={Audioscapes: exploring surface interfaces for music exploration},
  author={Ness, Steven R and Tzanetakis, George},
  year={2009},
  publisher={Ann Arbor, MI: MPublishing, University of Michigan Library}
}

@article{hinton1986learning,
  title={Learning and relearning in {Boltzmann} machines},
  author={Hinton, Geoffrey E and Sejnowski, Terrance J},
  journal={MIT Press, Cambridge, Mass},
  volume={1},
  pages={282--317},
  year={1986}
}

@inproceedings{kohavi1995study,
  title={A study of cross-validation and bootstrap for accuracy estimation and model selection},
  author={Kohavi, Ron and others},
  booktitle={IJCAI},
  volume={14},
  number={2},
  pages={1137--1145},
  year={1995}
}

@article{efron1983leisurely,
  title={A leisurely look at the bootstrap, the jackknife, and cross-validation},
  author={Efron, Bradley and Gong, Gail},
  journal={The American Statistician},
  volume={37},
  number={1},
  pages={36--48},
  year={1983},
  publisher={Taylor \& Francis}
}

@article{zhuang2014wild,
  author={Yanyan Zhuang and Chris Matthews and Stephen Tredger and  Steven Ness and 
                  Jesse Short-Gershman and  Li Ji and  Niko Rebenich and  Andrew
                  French and  Josh Erickson and  Kyliah Clarkson and  Yvonne Coady
                  and Rick McGeer},
  title={Taking a Walk on the Wild Side: Teaching Cloud Computing on
                  Distributed Research Testbeds}, 
  journal={to appear in Proc. 45th ACM Technical Symposium on Computer
                  Science Education (SIGCSE?14), Atlanta, GA, USA,
                  March, 2014}
}


@book{mccarthy1968some,
  title={Some philosophical problems from the standpoint of artificial intelligence},
  author={McCarthy, John and Hayes, Patrick},
  year={1968},
  publisher={Stanford University}
}

@article{minsky1961steps,
  title={Steps toward artificial intelligence},
  author={Minsky, Marvin},
  journal={Proceedings of the IRE},
  volume={49},
  number={1},
  pages={8--30},
  year={1961},
  publisher={IEEE}
}

@article{yurk2002cultural,
  title={Cultural transmission within maternal lineages: vocal clans in resident killer whales in southern Alaska},
  author={Yurk, H and Barrett-Lennard, L and Ford, JKB and Matkin, CO},
  journal={Animal Behaviour},
  volume={63},
  number={6},
  pages={1103--1119},
  year={2002},
  publisher={Elsevier}
}

@book{weiss2011animals,
  title={What Animals Say Around the World},
  author={Weiss, Flo},
  year={2011},
  publisher={Xlibris Corporation}
}

@inproceedings{lindblom1962accuracy,
  title={Accuracy and limitations of Sona-Graph measurements},
  author={Lindblom, Bj{\"o}rn},
  booktitle={Proceedings of the Fourth International Congress of Phonetic Sciences},
  pages={188--202},
  year={1962},
  organization={Mouton The Hague}
}

@article{madsen2013nasal,
  title={Nasal sound production in echolocating delphinids
                  (\textit{Tursiops truncatus} and \textit{Pseudorca
                  crassidens}) is dynamic, but unilateral: clicking on
                  the right side and whistling on the left side},
  author={Madsen, Peter T and Lammers, Marc and Wisniewska, Danuta and Beedholm, Kristian},
  journal={Journal of experimental biology},
  volume={216},
  number={21},
  pages={4091--4102},
  year={2013},
  publisher={The Company of Biologists Ltd}
}

@article{wilden1998subharmonics,
  title={Subharmonics, biphonation, and deterministic chaos in mammal vocalization},
  author={Wilden, I and Herzel, Hanspeter and Peters, G and Tembrock, G},
  journal={Bioacoustics},
  volume={9},
  number={3},
  pages={171--196},
  year={1998},
  publisher={Taylor \& Francis}
}

@article{samarra2010killer,
  title={Killer whales (\textit{Orcinus orca}) produce ultrasonic whistles},
  author={Samarra, Filipa IP and Deecke, Volker B and Vinding, Katja and Rasmussen, Marianne H and Swift, Ren{\'e} J and Miller, Patrick JO},
  journal={Journal of the Acoustical Society of America},
  volume={128},
  number={5},
  pages={EL205--EL210},
  year={2010},
  publisher={Acoustical Society of America}
}

@article{simonis2012high,
  title={High-frequency modulated signals of killer whales (\textit{Orcinus orca}) in the North Pacific},
  author={Simonis, Anne E and Baumann-Pickering, Simone and Oleson, Erin and Melc{\'o}n, Mariana L and Gassmann, Martin and Wiggins, Sean M and Hildebrand, John A},
  journal={Journal of the Acoustical Society of America},
  volume={131},
  number={4},
  pages={EL295--EL301},
  year={2012},
  publisher={Acoustical Society of America}
}

@article{filatova2012ultrasonic,
  title={Ultrasonic whistles of killer whales (\textit{Orcinus orca}) recorded in the North Pacific (L)},
  author={Filatova, Olga A and Ford, John KB and Matkin, Craig O and Barrett-Lennard, Lance G and Burdin, Alexander M and Hoyt, Erich},
  journal={Journal of the Acoustical Society of America},
  volume={132},
  number={6},
  pages={3618--3621},
  year={2012},
  publisher={Acoustical Society of America}
}

@article{heidorn2008shedding,
  title={Shedding light on the dark data in the long tail of science},
  author={Heidorn, P Bryan},
  journal={Library Trends},
  volume={57},
  number={2},
  pages={280--299},
  year={2008},
  publisher={The Johns Hopkins University Press}
}